2185 3032
417 191 456 241 2

412 335 807 415 oapnophilus
824 331 909 412 ⁴¹¹).
930 328 1261 393 Invitabat
1288 327 1545 394 titulus.
1594 331 1799 420 Legi,
1840 354 1949 397 re-

415 435 586 524 legi:
633 428 769 521 quio
809 435 986 496 facto
1035 430 1395 496 luculentis
1429 433 1805 497 rationibus
1866 435 1951 498 ad

382 535 848 625 'probandum
922 533 1470 622 laudandumque
1532 557 1673 599 non
1736 535 1949 600 modo

415 636 739 703 orationis
778 635 1182 724 elegantiam
1214 648 1280 699 et
1306 636 1710 702 inventionis
1732 637 1952 702 suavi-

403 750 662 821 tatem,
723 737 842 802 sed
892 749 1195 802 mentem
1249 762 1523 826 quoque
1592 739 1939 823 scriptoris

330 830 335 833 Ἴ
410 840 931 927 consiliumque,
967 841 1375 906 adducebar.

492 943 771 1007 Nomen
805 943 1099 1008 auctoris
1135 943 1442 1032 ignotum
1475 953 1595 1010 est.
1625 945 1949 1008 Ceterum

417 1067 649 1111 versus
695 1045 857 1110 istos
892 1068 1034 1109 non
1079 1045 1351 1109 aliunde
1397 1044 1700 1108 fortassis
1735 1068 1817 1109 ex
1870 1043 1951 1108 li·-

414 1148 700 1230 brojam
724 1148 900 1236 typis
920 1148 1252 1233 impresso
1291 1147 1375 1211 ab
1396 1159 1698 1211 amatore
1719 1147 1948 1233 aliquo

425 1249 625 1314 fuisse
677 1248 1091 1334 exscriptos,
1151 1248 1256 1312 vel
1295 1249 1450 1314 inde
1480 1261 1701 1336 patet,
1763 1248 1951 1336 quod

418 1349 928 1437 complusculae
963 1350 1033 1413 in
1064 1350 1435 1415 verborum
1449 1357 1785 1415 ‘contextu
1801 1373 1950 1413 mu·

419 1452 704 1518 tationes
742 1452 1387 1541 emendationesque
1424 1465 1807 1533 occurrunt,
1842 1474 1953 1518 su·

376 1571 379 1580 '
412 1556 803 1643 perscriptis
832 1556 1303 1620 selectiorihus
1320 1556 1688 1629 vocabulis,
1708 1554 1952 1619 eadem

416 1681 659 1735 manu,
720 1658 1004 1736 eodem,
1065 1670 1139 1722 ut
1194 1658 1505 1746 adparet,
1568 1667 1946 1723 atramento

420 1772 485 1832 et
517 1762 817 1841 calamo,
884 1772 958 1824 ut
996 1783 1162 1846 vero
1225 1760 1649 1829 simillimum
1696 1758 1779 1823 sit
1798 1773 1830 1841 ,'
1880 1756 1950 1821 id

417 1861 726 1925 faciendo
791 1879 1116 1928 autorem*
1154 1883 1549 1947 supremam
1618 1858 1949 1948 opusculo

322 1954 327 1959 ’
415 1984 537 2027 suo
579 1985 860 2028 manum
906 1963 1332 2051 imposuisse.

493 2063 798 2152 Tempus
835 2077 1153 2153 aetasque
1180 2112 1201 2147 ,
1243 2085 1376 2154 qua
1418 2061 1605 2128 lusus
1632 2059 1749 2125 hic
1777 2083 1950 2156 poe-

493 2312 558 2396 ⁶)
593 2317 773 2382 Fumi
782 2337 1020 2405 ⁵armus,
1036 2315 1390 2401 fumigata,
1411 2335 1446 2382 a
1465 2309 1711 2392 καωδς,
1728 2312 1964 2393 sumus,

603 2414 660 2461 et
700 2402 933 2482 φίλος,
977 2398 1225 2472 amicus.
