2185 3032
1720 244 1786 297 n

259 381 756 468 sempiternum
853 370 1114 448 colunt¹
1177 383 1390 449 Patris
1484 382 1789 473 Olympii

261 482 531 550 decus.”
596 483 880 567 —Quis
929 510 1069 552 non
1112 486 1295 551 videt
1361 490 1793 554 verissimum

263 610 412 652 esse
447 588 843 676 oraculique
887 590 1332 671 simillimum,
1365 614 1575 678 quum
1598 603 1802 680 poeta

260 690 651 755 doctrinam
702 704 769 756 et
828 693 1268 779 sapientiam,
1330 696 1592 757 formae
1629 692 1796 781 pub

259 794 756 875 chritudinem,
797 797 1059 884 generis
1096 808 1298 883 atque
1319 818 1527 882 opum
1567 797 1792 883 splen-

260 897 504 962 dorem
527 945 546 978 ,
587 898 713 961 nisi
752 920 908 961 cum
929 897 1208 962 Decoro
1242 897 1374 962 sint
1411 902 1791 982 conjuncta,

255 1025 385 1068 nec
416 1000 638 1065 dulcia
670 1023 817 1067 esse
853 1023 1056 1087 posse
1092 1004 1442 1089 profatur,
1497 1026 1625 1066 nec
1673 1002 1791 1069 de·

256 1103 642 1170 lectabiliass
687 1140 764 1154 —
808 1103 992 1166 Dein
1020 1126 1251 1181 graves
1277 1114 1342 1167 et
1378 1108 1790 1185 veneranda-5,

255 1212 510 1287 σεμνὰς,
550 1217 752 1270 vocat
794 1203 1061 1270 Gratias
1111 1204 1479 1269 Pindarus:
1523 1217 1787 1283 tantum

255 1307 484 1386 abest,
530 1320 604 1373 ut
632 1309 815 1373 leves
850 1331 961 1372 eas
1001 1319 1067 1373 et
1100 1307 1395 1373 ludicras
1415 1321 1479 1373 et
1513 1309 1786 1374 frivolas

247 1422 625 1498 proponat,
670 1410 902 1498 quales
958 1433 1068 1474 eas
1104 1410 1689 1476 dissolutitantum
1719 1424 1788 1478 et

249 1513 476 1579 frivoli
509 1513 639 1579 sibi
677 1515 952 1603 fingunt.
994 1512 1210 1580 Porro
1243 1518 1501 1575 omnium
1539 1538 1781 1596 operum

247 1618 721 1700 dispensare-icas
751 1665 771 1697 ,
841 1616 926 1681 ad
994 1615 1546 1705 significandum,
1640 1638 1783 1681 non

245 1742 453 1783 unam
495 1718 873 1804 alteramve„
911 1718 1253 1783 actionem
1303 1717 1371 1781 in
1417 1716 1780 1782 hominum

244 1822 591 1890 cultorum
621 1823 943 1888 societate
984 1845 1087 1888 ac..
1107 1832 1305 1898 coetu
1336 1820 1592 1886 Decori
1623 1842 1780 1907 spe·

242 1923 346 1989 cie
397 1924 803 2010 impressam
854 1947 1003 1989 esse
1059 1936 1418 2010 oportere,
1478 1922 1597 1988 sed
1631 1923 1782 1987 uni·

237 2049 466 2094 versas
502 2049 579 2090 ac
613 2026 941 2115 singulas,
1002 2026 1325 2113 quoniam
1355 2026 1574 2112 ipsum
1608 2024 1778 2106 hoc,

238 2129 427 2219 quod
460 2130 814 2196 Decorum
850 2129 1315 2216 appellamus,
1363 2129 1450 2204 ad
1485 2129 1776 2193 societa-

231 2245 380 2298 tem
426 2244 719 2328 spectat,
764 2232 858 2298 id
925 2232 1110 2319 quod
1173 2231 1380 2295 etiam
1444 2231 1775 2296 ternarius

232 2334 595 2406 Charitum
610 2359 939 2406 numerus
959 2335 1256 2402 indicare
1270 2334 1555 2400 videtur.
1570 2335 1772 2398 Prae·
1871 2325 1894 2333 ”

229 2449 418 2503 terea
459 2438 743 2513 Apollini
775 2438 1185 2505 adsidentes
1168 2462 1237 2503 m
1275 2433 1772 2527 ΟΙγωΡσῑεοίῐ
