2185 3032
1675 207 1759 284 61.

231 369 547 434 homines
618 375 772 429 ante
841 361 1024 429 diem
1095 372 1514 427 veterascere
1546 405 1568 439 ‚
1650 364 1756 427 vel

230 470 526 560 simplex
559 466 850 532 ostendit
865 467 1057 532 ratio.
1089 451 1364 529 Eodem
1388 469 1529 529 fere
1549 464 1760 530 modo

227 579 395 637 vinis
443 572 577 636 suis
609 572 897 635 Veteres
928 616 948 651 ,
981 569 1154 649 sumi
1187 591 1356 653 ope,
1413 567 1765 646 maturitar

233 690 376 742 tem
415 661 954 758 vetustatemque
990 669 1387 744 conciliasse
1414 649 1771 756 comemo}

233 790 338 843 rat
372 774 751 840 Columella
782 773 864 838 de
894 774 975 835 R.
1010 772 1094 837 R.
1126 770 1207 834 L.
1230 772 1324 851 ΙΙ..
1363 794 1419 835 c.
1470 768 1768 851 0.,‘,Vina

237 879 522 945 celerius
545 886 1033 956 vetustescunt,
1076 896 1246 961 quae
1264 872 1434 936 sumi
1473 872 1771 972 quodam

236 995 475 1047 tenore
506 1001 916 1068 praecocem
951 976 1415 1040 maturitatem
1433 973 1770 1038 trahunt.”

236 1124 316 1139 —
362 1082 499 1148 Sed
536 1081 810 1164 „vinum
835 1083 1013 1160 sumo
1064 1083 1466 1140 inveteratum
1521 1076 1773 1140 insalu-

153 1235 168 1240 ,
238 1175 619 1252 berrimum
644 1182 809 1247 esse’
813 1182 979 1263 ’jam
1011 1178 1271 1243 Plinius
1306 1180 1562 1247 notavit
1589 1178 1658 1241 in
1695 1180 1777 1250 H.

236 1294 323 1358 N.
352 1288 433 1351 L.
449 1288 663 1378 XXII.
711 1284 896 1368 Quid
938 1306 1065 1347 nos
1123 1281 1208 1346 de
1257 1281 1775 1368 adolescentulis

240 1402 275 1477 s
278 1418 416 1458 nmo
431 1394 765 1454 maceratis
791 1391 1265 1474 mvetcralisque
1302 1382 1771 1470 sperabimus.
1750 1389 1779 1433 ²

241 1500 567 1564 Ceterum
598 1514 739 1555 non
771 1488 1109 1576 sputando
1129 1499 1395 1551 tantum
1418 1484 1783 1561 screando-

245 1622 378 1686 que
445 1599 719 1680 juvenes
774 1603 1190 1656 senectutem
1239 1564 1785 1674 repraesentant,

191 1772 194 1775 ,
247 1699 369 1766 sed
435 1698 640 1764 etiam
704 1698 969 1759 foetore
1041 1693 1304 1782 animae
1373 1702 1439 1755 et
1495 1688 1781 1766 halitus,

251 1825 462 1892 quem
493 1797 851 1869 senatutis
879 1792 1240 1880 proprium
1292 1793 1446 1856 facit
1495 1792 1781 1854 Plinius:

209 1978 214 1980 v
243 1902 601 1987 „Hominis
638 1909 902 1963 tantum
930 1938 949 1972 ,
991 1894 1246 1988 inquit,
1305 1878 1561 1957 Natura
1611 1893 1786 1983 ιηῇρι

770 2128 963 2189 Furia
1003 2134 1249 2207 quarta.

256 2219 389 2271 Tres
427 2215 577 2268 olim
607 2212 828 2266 Furiae
857 2208 1179 2262 sceleratos
1207 2201 1668 2276 exagitabant·

252 2289 426 2342 Nune
460 2285 714 2341 stolidos
733 2282 971 2346 misere,
988 2286 1208 2351 quarta
1220 2285 1373 2400 ἐπ’
1414 2293 1567 2342 quae
1589 2280 1780 2325 vexat

1284 2363 1529 2416 tanays,

256 2433 516 2499 (Nomen
552 2427 737 2481 habet
758 2426 896 2480 Dea
911 2424 1043 2477 dira
1062 2442 1097 2477 a
1115 2421 1280 2488 tabe)
1312 2413 1785 2477 Tabae-omani...
