2185 3032
406 196 489 263 34

400 344 574 412 stula
598 343 955 408 sumatoria
971 339 1362 418 intendendi
1393 353 1546 406 sunt
1582 352 1785 431 atque
1819 366 1932 408 ex·

404 446 691 513 citandi:
737 445 922 533 quod
974 444 1101 507 nisi
1148 444 1507 534 diligenter
1553 446 1706 525 fiat,
1751 447 1931 533 ipso-

402 573 557 614 rum
597 570 709 629 os,
757 547 1006 634 lingua,
1047 546 1374 634 palatum,
1423 550 1671 627 fauces»,
1712 569 1931 632 nares»,

403 650 797 729 cerebrum,
851 659 1120 735 pectus,
1175 649 1622 738 ventriculus»,
1665 685 1744 699 —
1785 669 1956 714 νει-φ·

403 753 536 834 bu,
577 752 887 816 universa
917 750 1275 836 machina,
1316 752 1537 836 capiet
1569 750 1934 836 detrimen-

402 868 587 935 tum,
643 852 991 936 haerebit,
1048 852 1430 941 languebit,
1472 864 1661 933 ruet,
1702 853 1929 919 animo

402 947 679 1021 interim
708 954 917 1038 tristi,
962 955 1214 1037 anxio,
1253 975 1571 1037 moroso,
1614 954 1787 1019 adeo
1824 966 1933 1034 ut,

405 1082 545 1140 non
575 1047 823 1140 dicam,
852 1080 1099 1121 munus
1136 1079 1334 1121 suum
1360 1060 1533 1148 juste
1574 1056 1791 1140 obire,
1814 1056 1929 1123 sed

401 1185 490 1226 ne
529 1149 950 1248 uoluptatem
992 1160 1268 1248 quidem
1309 1160 1517 1224 ullam
1549 1172 1664 1223 aut
1704 1155 1929 1226 oblec'-

404 1263 730 1327 tationem
767 1262 1122 1348 percipere
1158 1261 1438 1348 possint,
1484 1262 1676 1326 Adeo
1708 1266 1932 1327 fumus

404 1365 525 1429 iste
554 1363 785 1430 hastae
809 1363 1153 1428 Achilleae
1188 1351 1500 1427 naturam
1536 1386 1613 1427 ac
1646 1365 1782 1427 vim
1810 1362 1934 1427 ha·

402 1461 553 1532 bet:
598 1457 944 1557 languoris
986 1465 1268 1549 vulnu5‚
1314 1466 1498 1565 quod
1533 1465 1796 1531 bibenti
1835 1468 1938 1531 in·-

404 1564 700 1647 flixerat,
744 1570 1007 1634 bibenti
1049 1581 1276 1651 sanat,
1321 1570 1406 1633 ad
1453 1570 1730 1658 aliquod
1763 1583 1939 1634 tem-

403 1674 593 1762 poris
643 1683 1070 1737 momentum
1123 1671 1427 1755 scilicetg
1492 1695 1653 1735 nam
1701 1672 1934 1758 paullo

404 1766 559 1860 post
592 1775 831 1839 vulnus
883 1774 1333 1853 recrudescit,
1376 1796 1555 1837 novo
1615 1772 1938 1838 clauden-

406 1877 570 1940 dum
606 1879 817 1940 sume.
864 1875 1070 1961 Quod
1112 1876 1266 1964 quia
1308 1876 1414 1954 fit,
1460 1868 1971 1940 admirabilem¹

402 1978 602 2064 plane
672 1964 837 2042 fumi
902 1980 1088 2042 istius
1157 1978 1477 2043 virtutem
1544 1978 1943 2064 praedicant

408 2074 845 2166 Capnophili,
875 2081 1341 2162 immemores»,
1375 2082 1501 2146 nisi
1535 2082 1946 2172 languorem

406 2186 630 2273 fumus
685 2184 1112 2275 induxisset,
1176 2206 1346 2270 opus
1410 2187 1713 2248 futurum
1750 2182 1945 2250 haud

414 2274 621 2352 fuisse
670 2286 1013 2374 languoris
1075 2284 1539 2377 medicimHl
1615 2285 1946 2354 Ceterum

604 2394 624 2423 4
