2185 3032
412 229 450 282 4

409 385 571 429 suae
616 364 934 428 adversus
970 362 1138 426 alios
1184 366 1596 427 immodestiae
1631 354 1945 429 luxuriae·

404 490 523 542 que
557 465 905 553 specimen
939 462 1217 549 publice
1251 486 1661 552 proponere.

596 697 1046 787 Fab‘ellae
1098 713 1744 795 argumentum.

489 861 794 952 Cupide,
840 866 957 930 diu
999 877 1303 931 versatus
1358 867 1529 931 inter
1580 865 1935 951 homines,

402 967 780 1033 nicotianae
850 963 1141 1032 abusum
1196 968 1541 1035 didicerat.
1595 970 1790 1051 Jam‚
1839 970 1984 1036 ad'

402 1071 839 1136 revisendum
873 1071 1086 1136 semel
1123 1069 1463 1146 Charites,
1511 1070 1779 1135 honesti
1814 1072 1934 1137 de-

402 1176 683 1263 corique
759 1175 1107 1262 praesides
1158 1174 1353 1253 deas,
1427 1174 1496 1237 in
1544 1171 1928 1262 Olympum

395 1276 606 1352 redit,
653 1300 832 1357 non,
876 1288 948 1340 ut
979 1276 1249 1355 solitus,
1295 1278 1677 1373 faceuarcu
1729 1281 1930 1367 sagit-

395 1377 615 1464 tisque
653 1379 1057 1456 instructus,
1095 1378 1216 1444 sed
1249 1378 1545 1465 pulveris
1596 1381 1924 1445 nicotiani

290 1565 309 1572 „
368 1480 666 1571 capsula
723 1493 789 1547 et
835 1481 1076 1548 tubulo
1121 1482 1527 1560 sumatorio,
1612 1505 1927 1569 sperans,

393 1595 468 1649 ut
501 1608 626 1674 ego
667 1585 1014 1672 suspicor,
1058 1588 1230 1663 fore,
1267 1584 1427 1663 ut,si
1467 1606 1738 1649 sorores
1769 1587 1924 1651 illae

388 1687 788 1778 trigeminae
809 1710 1001 1752 suam
1029 1688 1099 1751 in
1132 1686 1240 1750 his
1274 1686 1641 1750 tractandis
1669 1688 1911 1752 soller-

388 1790 553 1852 tiam
609 1791 1140 1877 gravitatemque
1204 1789 1530 1853 vidissent
1561 1837 1580 1869 ,
1654 1811 1919 1858 summa

385 1891 607 1975 ipsum
643 1915 783 1958 non
829 1891 1040 1959 modo
1075 1890 1313 1972 laude,
1373 1890 1492 1956 sed
1541 1890 1745 1954 etiam
1798 1890 1917 1955 ad-

385 1992 741 2057 miratione
780 2004 1377 2081 prosequerentur.
1423 1994 1511 2056 At
1545 2015 1706 2057 vero
1765 2005 1917 2057 tan-

381 2104 528 2158 tum
553 2095 786 2173 abfuit,
807 2108 877 2159 ut
895 2118 1204 2182 puerum
1204 2094 1357 2162 illae
1379 2094 1467 2158 ob
1499 2095 1677 2158 edita
1698 2117 1915 2165 novae

383 2197 544 2261 artis
563 2198 935 2284 specimina
970 2198 1355 2278 laudarent,
1398 2208 1471 2262 ut
1501 2198 1725 2285 potius
1748 2246 1765 2279 ,
1808 2198 1915 2262 of·-

280 2382 291 2390 ·
383 2303 612 2365 fensae
677 2300 998 2387 adspectu
1053 2302 1155 2365 rei
1231 2299 1709 2387 effectibusque
1749 2348 1767 2380 ‚
1844 2310 1914 2364 et

379 2403 836 2482 fastidientes,
915 2406 1142 2493 fugam
1190 2413 1529 2484 caperent.
1615 2402 1912 2488 Stupore.
