2185 3032
1717 227 1790 289 13

255 374 580 466 proponit
610 385 836 462 poeta,
872 375 994 439 sed
1029 388 1265 440 cuncta
1284 379 1594 442 Deorum
1628 403 1793 469 ope—

254 502 331 543 ra
368 490 681 567 regentes
719 501 796 541 ac
837 478 1524 569 dispensantessnon
1559 482 1628 545 in
1657 482 1786 546 hu-

251 582 531 646 milibus
567 581 879 646 sedentes
913 582 1262 663 scabellis,
1325 584 1444 648 sed
1498 583 1782 650 thronis.

338 684 607 768 Quodsi
640 686 776 766 jam
805 696 1026 749 totum
1043 686 1232 749 illum
1269 687 1351 750 de
1395 687 1784 752 Charitibus

249 776 575 878 mythum
616 788 878 852 ratione
932 787 1411 874 philosophica
1457 790 1785 876 interpre-

247 891 415 971 tari,
487 891 971 978 veritatemque
1006 892 1377 980 imaginum
1414 892 1782 957 involucris

245 993 576 1057 nudatam
633 993 950 1082 indagare
1000 994 1320 1075 velimus,
1395 990 1786 1081 adparebit,

248 1097 523 1162 Gratias
547 1118 690 1160 esse
731 1133 801 1146 -
842 1099 1043 1158 ideam
1081 1102 1249 1158 illam
1310 1099 1615 1159 sublimem
1656 1101 1781 1160 De-

243 1204 411 1275 oorz‘,
457 1199 645 1284 quod
690 1210 919 1262 mente
953 1199 1409 1285 concipimus,
1454 1201 1779 1286 cujusque

244 1301 519 1365 sensum
588 1300 830 1365 animis
894 1299 1213 1364 humanis
1274 1305 1465 1383 (nam
1519 1299 1777 1366 bestiae

241 1405 389 1469 Dec
483 1405 495 1417 “
570 1427 735 1468 ensu
768 1414 1032 1482 carent)
1087 1403 1328 1467 mundi
1365 1415 1633 1468 creator
1675 1427 1779 1468 sa-

240 1508 399 1596 pien
546 1530 698 1570 mus
721 1507 1102 1590 indiditv,
1160 1530 1242 1571 eo
1282 1507 1605 1588 consili0,
1671 1520 1778 1588 ut,

240 1610 507 1700 tametsi
538 1610 760 1673 ideam
796 1610 1021 1712 inam?
1068 1608 1416 1694 exemplar
1449 1608 1617 1671 illud
1636 1608 1776 1672 De-

242 1733 383 1775 cori
402 1714 1014 1799 perfectissimum
1036 1705 1336 1797 adsequi
1377 1711 1658 1773 omnino
1680 1722 1778 1774 at-

243 1837 371 1900 que
433 1816 761 1905 attingere
817 1813 1222 1878 mortalibus
1277 1813 1462 1877 haud
1533 1813 1773 1896 liceat,

242 1928 499 2024 tamen,
524 1915 871 2007 quantum
918 1939 1043 2003 par
1099 1928 1234 1994 est,
1261 1909 1491 1980 dietis
1544 1916 1769 1985 factis-

320 2196 380 2279 *)
424 2201 585 2260 Hinc
616 2199 988 2262 Matthisson
1024 2214 1229 2260 noster
1266 2199 1339 2261 de
1381 2199 1768 2266 charitibus.

246 2278 499 2355 „Wehe
524 2282 661 2342 dem
685 2286 935 2356 Menoe,
953 2281 1090 2342 dem
1127 2281 1218 2343 sie
1238 2284 1518 2343 ziiruen!
1542 2284 1768 2365 traurig

245 2362 576 2425 Schweifen
614 2364 779 2426 seine
816 2364 1177 2437 Gedankcn
1194 2365 1572 2427 erdwa'rts—
