2185 3032
367 190 441 253 lla

370 358 502 424 que
549 334 932 421 exprimere
998 332 1412 398 studeamus·
1476 337 1576 401 Ex
1643 332 1898 401 Decori

366 439 553 505 enim
587 461 786 502 sensu
821 449 885 501 et
919 437 1347 501 observantia
1382 438 1571 524 quasi
1602 440 1729 502 flos
1747 439 1896 526 qui-

368 541 527 608 dam
570 540 1005 604 humanitatis
1040 541 1522 629 progerminat,
1544 540 1652 605 vel
1671 541 1898 628 potius
1937 620 1940 623 Α

363 655 549 736 grata
582 642 964 706 maturitas:
1011 642 1197 729 quod
1243 644 1297 707 si
1339 643 1549 724 absit,
1591 643 1762 707 nihil
1800 644 1899 708 vi·

364 745 557 815 debis
587 767 826 826 come,
866 745 1038 817 nihil
1072 745 1416 833 lepidum,
1458 744 1630 810 nihil
1689 747 1897 811 urha'·

362 871 563 923 num,
607 846 728 911 sed
773 849 1098 936 agrestia,
1156 849 1443 931 inculta,
1498 849 1728 925 rudia,
1773 849 1894 916 ‚in-

365 949 674 1031 condita,
716 953 876 1030 fera,
911 963 1117 1032 vasta,
1150 971 1422 1038 aspera,
1467 951 1724 1047 absona
1744 973 1896 1017 om·-

364 1053 500 1119 nia.
604 1052 764 1135 Quo
824 1054 1035 1142 magis
1096 1054 1541 1122 admiratione
1619 1054 1901 1142 dignum

370 1165 502 1233 est,
546 1154 767 1242 quod,
812 1156 957 1221 sola
999 1156 1170 1219 inter
1195 1168 1294 1220 tot
1335 1168 1602 1245 gentes„
1657 1178 1901 1245 graeca

331 1255 740 1345 ·Antiquitas
778 1260 1011 1320 Decor-i
1046 1280 1321 1322 sensum
1357 1256 1659 1322 divinurn
1703 1257 1903 1346 quid·

374 1357 529 1422 dam
563 1381 708 1423 esse
750 1360 1047 1445 putavit,
1085 1373 1149 1425 et
1169 1360 1560 1425 numinibus
1787 1361 1903 1426 lis-

373 1483 503 1549 que
546 1463 998 1545 consecravit,
1042 1464 1214 1531 adeo
1259 1476 1379 1540 ut,
1438 1463 1555 1551 qui
1748 1463 1902 1529 ibus

373 1576 635 1646 vastuS,
681 1589 877 1652 asper
909 1578 975 1630 et
1009 1566 1526 1655 quodammodo
1570 1571 1750 1631 ferus
1797 1590 1902 1632 es·

304 1699 311 1706 ·
371 1679 503 1749 set,
541 1692 892 1756 nunquam
923 1667 1173 1733 Gratiis
1204 1670 1611 1734 sacrificasse
1643 1670 1905 1734 dicere·

372 1782 508 1835 tur.
592 1772 1031 1857 Quapropter
1089 1761 1322 1835 Decor-i
1360 1772 1531 1837 ratio
1585 1771 1905 1839 habenda

374 1872 443 1954 in
480 1873 799 1937 omnibus
835 1873 1158 1943 est.Hinc,
1188 1873 1255 1937 in
1294 1874 1631 1962 principio
1674 1874 1934 1961 operis,

372 1973 474 2039 sui
520 1974 722 2038 etiam
757 1975 1105 2065 Theognis
1142 1980 1358 2040 Musas
1400 1990 1466 2041 et
1504 1980 1764 2042 Gratias
1799 1977 1904 2041 in·

368 2086 604 2153 uocat,
665 2100 830 2163 quas
873 2079 1040 2143 olim
1087 2079 1158 2142 in
1213 2079 1451 2144 Cadmi
1502 2090 1567 2145 et
1608 2079 1904 2143 Harmo-
2001 2147 2004 2148 γ

371 2175 520 2244 niae
540 2181 802 2266 nuptiis
826 2205 1118 2272 sequens
1139 2205 1415 2249 carmen
1426 2183 1753 2274 cecinisse
1771 2183 1863 2259 ait
1887 2210 1905 2246 ι
